<?xml version="1.0" encoding="UTF-8"?><collection xmlns="http://www.loc.gov/MARC21/slim"><record><leader>00567nam--2200193-i-4500</leader><controlfield tag="001">000000087</controlfield><controlfield tag="002">20161230</controlfield><controlfield tag="005">20161230201023</controlfield><controlfield tag="008">060222s1000------------r-----000-0-eng-d</controlfield><datafield ind1=" " ind2=" " tag="020"><subfield code="a">0201104032</subfield></datafield><datafield ind1=" " ind2=" " tag="040"><subfield code="a">IFIN-HH</subfield></datafield><datafield ind1=" " ind2=" " tag="080"><subfield code="a">539.143.43</subfield></datafield><datafield ind1="1" ind2=" " tag="100"><subfield code="a">Fukushima, Eiichi</subfield></datafield><datafield ind1="1" ind2="0" tag="245"><subfield code="a">Experimental pulse nmr</subfield><subfield code="b">A nuts and bolts approach</subfield><subfield code="c">Eiichi fukushima, stephen w. roeder</subfield></datafield><datafield ind1=" " ind2=" " tag="260"><subfield code="a">London</subfield><subfield code="b">Addison-wesley Publishing Company,Inc</subfield><subfield code="c">1981</subfield></datafield><datafield ind1=" " ind2=" " tag="300"><subfield code="a">XIII + 539 P</subfield></datafield><datafield ind1="1" ind2=" " tag="700"><subfield code="a">Roeder, Stephen W</subfield></datafield><datafield ind1=" " ind2=" " tag="852"><subfield code="a">70134</subfield><subfield code="c">539.143.43</subfield></datafield><datafield ind1=" " ind2=" " tag="CAT"><subfield code="a">Sys</subfield><subfield code="c">20120510</subfield><subfield code="h">194657</subfield></datafield></record></collection>